<record xmlns='http://www.loc.gov/MARC21/slim'><leader>01390cam a2200325Ia 4500</leader><controlfield tag='001'>9957270023506421</controlfield><controlfield tag='005'>20200925212859.0</controlfield><controlfield tag='008'>780615s1963    nyua   j      000 0 eng d</controlfield><datafield ind1=' ' ind2=' ' tag='035'><subfield code='a'>(idCotsen)6819</subfield></datafield><datafield ind1=' ' ind2=' ' tag='035'><subfield code='9'>(cotsenAccess)20727</subfield></datafield><datafield ind1=' ' ind2=' ' tag='035'><subfield code='a'>(cotsendb)57616</subfield></datafield><datafield ind1=' ' ind2=' ' tag='035'><subfield code='a'>5727002</subfield></datafield><datafield ind1=' ' ind2=' ' tag='035'><subfield code='a'>(OCoLC)ocm05254122</subfield><subfield code='z'>(OCoLC)ocm01312129</subfield><subfield code='z'>(OCoLC)ocm03979120</subfield><subfield code='z'>(OCoLC)ocn979684483</subfield><subfield code='z'>(OCoLC)ocn980013709</subfield><subfield code='z'>(OCoLC)on1026518248</subfield></datafield><datafield ind1=' ' ind2=' ' tag='035'><subfield code='a'>(NjP)5727002-princetondb</subfield></datafield><datafield ind1=' ' ind2=' ' tag='035'><subfield code='z'>(OCoLC)1312129</subfield><subfield code='z'>(OCoLC)3979120</subfield><subfield code='z'>(OCoLC)979684483</subfield><subfield code='z'>(OCoLC)980013709</subfield><subfield code='z'>(OCoLC)1026518248</subfield></datafield><datafield ind1=' ' ind2=' ' tag='040'><subfield code='a'>OCO</subfield><subfield code='c'>OCO</subfield><subfield code='d'>PEM</subfield><subfield code='d'>IHI</subfield><subfield code='d'>IXA</subfield><subfield code='d'>OCLCQ</subfield><subfield code='d'>AKU</subfield><subfield code='d'>NjP</subfield></datafield><datafield ind1=' ' ind2=' ' tag='043'><subfield code='a'>ec-----</subfield></datafield><datafield ind1=' ' ind2='4' tag='050'><subfield code='a'>PN3437</subfield><subfield code='b'>.M34 1963</subfield></datafield><datafield ind1='1' ind2='4' tag='050'><subfield code='a'>PZ8 .M277 (juv) Oversize</subfield></datafield><datafield ind1='0' ind2='4' tag='082'><subfield code='a'>398</subfield><subfield code='b'>M19</subfield></datafield><datafield ind1=' ' ind2=' ' tag='019'><subfield code='a'>1312129</subfield><subfield code='a'>3979120</subfield><subfield code='a'>979684483</subfield><subfield code='a'>980013709</subfield><subfield code='a'>1026518248</subfield></datafield><datafield ind1='0' ind2='4' tag='245'><subfield code='a'>The magic butterfly :</subfield><subfield code='b'>and other fairy tales of central Europe /</subfield><subfield code='c'>translated by George Obligado ; illustrated by Ugo Fontana.</subfield></datafield><datafield ind1=' ' ind2=' ' tag='260'><subfield code='a'>New York :</subfield><subfield code='b'>Golden Press,</subfield><subfield code='c'>c1963.</subfield></datafield><datafield ind1=' ' ind2=' ' tag='300'><subfield code='a'>62, [2] p. :</subfield><subfield code='b'>col. ill. ;</subfield><subfield code='c'>37 cm.</subfield></datafield><datafield ind1=' ' ind2='0' tag='440'><subfield code='a'>Giant golden book</subfield></datafield><datafield ind1='0' ind2='0' tag='505'><subfield code='t'>Magic butterfly --</subfield><subfield code='t'>Youthful old man --</subfield><subfield code='t'>Talisman --</subfield><subfield code='t'>Inn, a Christmas tale --</subfield><subfield code='t'>Bride&apos;s shoe --</subfield><subfield code='t'>Wiosna&apos;s garden.</subfield></datafield><datafield ind1=' ' ind2=' ' tag='500'><subfield code='a'>Errata slip tipped in.</subfield></datafield><datafield ind1=' ' ind2=' ' tag='500'><subfield code='a'>A collection of Polish folk tales.</subfield></datafield><datafield ind1=' ' ind2=' ' tag='563'><subfield code='a'>Pub. color-printed pictorial laminated bds. with gray and blue pictorial endpapers.</subfield></datafield><datafield ind1=' ' ind2='0' tag='650'><subfield code='a'>Fairy tales</subfield><subfield code='z'>Europe, Central.</subfield></datafield><datafield ind1='1' ind2=' ' tag='700'><subfield code='a'>Obligado, George.</subfield></datafield><datafield ind1='1' ind2=' ' tag='700'><subfield code='a'>Fontana, Ugo.</subfield><subfield code='0'>http://id.loc.gov/authorities/names/n84011156</subfield></datafield><datafield ind1=' ' ind2=' ' tag='INT'><subfield code='a'>P</subfield></datafield><datafield ind1=' ' ind2=' ' tag='INST'><subfield code='a'>01PRI_INST</subfield></datafield><datafield ind1=' ' ind2=' ' tag='AVA'><subfield code='0'>9957270023506421</subfield><subfield code='8'>22262209280006421</subfield><subfield code='a'>01PRI_INST</subfield><subfield code='b'>rare</subfield><subfield code='c'>Cotsen Children&apos;s Library</subfield><subfield code='d'>Eng 20Q 6819</subfield><subfield code='e'>available</subfield><subfield code='f'>1</subfield><subfield code='g'>0</subfield><subfield code='j'>ctsn</subfield><subfield code='k'>8</subfield><subfield code='p'>1</subfield><subfield code='q'>Special Collections</subfield></datafield></record>